@misc{baum2007,
author = {Baum, Christopher F},
file = {:home/george/Dropbox/papers/Baum (2007).pdf:pdf},
month = {jul},
title = {{Monte Carlo Simulation in Stata}},
url = {http://fmwww.bc.edu/GStat/docs/StataSimul.pdf},
year = {2007}
}
@techreport{stata2010,
author = {{Stata Press}},
institution = {StataCorp LP},
month = {jun},
title = {{Stata/MP Performance Report}},
url = {http://www.stata.com/statamp/statamp.pdf},
year = {2010}
}
